<?xml version="1.0" encoding="UTF-8"?><collection xmlns="http://www.loc.gov/MARC21/slim"><record><leader>00409nam--2200181-u-4500</leader><controlfield tag="001">000050933</controlfield><controlfield tag="002">20161230</controlfield><controlfield tag="005">20170102005119</controlfield><controlfield tag="008">080423s1000------------r-----000-0-eng-d</controlfield><datafield ind1=" " ind2=" " tag="040"><subfield code="a">IFIN-HH</subfield></datafield><datafield ind1=" " ind2=" " tag="080"><subfield code="a">51</subfield></datafield><datafield ind1="1" ind2=" " tag="100"><subfield code="a">Popov, Yu. P</subfield></datafield><datafield ind1="1" ind2="0" tag="245"><subfield code="a">Matematika v Obrazakh</subfield></datafield><datafield ind1=" " ind2=" " tag="260"><subfield code="a">Moskva</subfield><subfield code="b">Znanie</subfield><subfield code="c">1989</subfield></datafield><datafield ind1=" " ind2=" " tag="300"><subfield code="a">205 p</subfield></datafield><datafield ind1=" " ind2=" " tag="700"><subfield code="a">Pukhnachev, Yu. V</subfield></datafield><datafield ind1=" " ind2=" " tag="852"><subfield code="c">51</subfield></datafield><datafield ind1=" " ind2=" " tag="CAT"><subfield code="a">SYS</subfield><subfield code="c">20170102</subfield><subfield code="h">005119</subfield></datafield></record></collection>